<?xml version="1.0" encoding="UTF-8"?><collection xmlns="http://www.loc.gov/MARC21/slim"><record><leader>00479nam--2200169-i-4500</leader><controlfield tag="001">000008423</controlfield><controlfield tag="002">20161230</controlfield><controlfield tag="005">20161230201027</controlfield><controlfield tag="008">060222s1000------------r-----000-0-eng-d</controlfield><datafield ind1=" " ind2=" " tag="040"><subfield code="a">IFIN-HH</subfield></datafield><datafield ind1=" " ind2=" " tag="080"><subfield code="a">539.1</subfield></datafield><datafield ind1="1" ind2=" " tag="100"><subfield code="a">Bohr, Niels</subfield></datafield><datafield ind1="1" ind2="0" tag="245"><subfield code="a">Atomic theory and description of nature</subfield><subfield code="b">I. four essays. with an introductory survey</subfield><subfield code="c">Niels bohr</subfield></datafield><datafield ind1=" " ind2=" " tag="260"><subfield code="a">Cambridge</subfield><subfield code="b">At The University Press</subfield><subfield code="c">1961</subfield></datafield><datafield ind1=" " ind2=" " tag="300"><subfield code="a">119P</subfield></datafield><datafield ind1=" " ind2=" " tag="852"><subfield code="a">26961</subfield><subfield code="c">539</subfield></datafield><datafield ind1=" " ind2=" " tag="CAT"><subfield code="a">Sys</subfield><subfield code="c">20111004</subfield><subfield code="h">150456</subfield></datafield></record></collection>